@article{stanford224d,
  author  = {Kapashi, Darshan; Shah, Pararth}, 
  title   = {Answering Reading Comprehension Using Memory Networks},
  year    = 2015,
  journal = {Stanford 224d Course Project}
}

@article{dmn,
  author  = {Ankit Kumar and Ozan Irsoy and Peter Ondruska and Mohit Iyyer and James Bradbury and Ishaan Gulrajani and Richard Socher}, 
  title   = {Ask Me Anything:  Dynamic Memory Networks for Natural Language Processing},
  year    = 2015,
  journal = {CoRR}
  month = {April}
}

@article{gru,
  author  = {Junyoung Chung and Caglar Gulcehre and KyungHyun Cho and Yoshua Bengio}, 
  title   = {Empirical Evaluation of Gated Recurrent Neural Networks on Sequence Modeling},
  year    = 2014,
  journal = {NIPS 2014 Deep Learning and Representation Learning Workshop}
  month = {Dec}
}

@article{mem_net,
  author  = {Sainbayar Sukhbaatar and Arthur Szlam and Jason Weston and Rob Fergus}, 
  title   = {End-To-End Memory Networks},
  year    = 2015,
  journal = {NIPS 2015}
  month = {June}
}

@article{goog,
  author  = {Ilya Sutskever and Oriol Vinyals and Quoc V. Le}, 
  title   = {Sequence to Sequence Learning with Neural Networks },
  year    = 2015,
  journal = {NIPS 2014}
  month = {June}
}

@article{goog_cnn,
  author  = {Karl Hermann and Tomas Kocisky and Edward Grefenstette and Lasse Espeholt and Will Kay and Mustafa Suleyman and Phil Blunsom}, 
  title   = {Teaching Machines to Read and Comprehend},
  year    = 2015,
  journal = {NIPS 2015}
  month = {June}
}



@article{karthik,
  author  = {Karthik Narasimhan and Regina Barzilay}, 
  title   = {Machine Comprehension with Discourse Relations},
  year    = 2015,
  journal = {ACL 2015}
  month = {July}
}

@article{cmu,
  author  = {Noah A. Smith and Michael Heilman and Rebecca Hwa}, 
  title   = {Question Generation as a Competitive Undergraduate Course Project},
  year    = 2008,
  journal = {Proceedings of the NSF Workshop on the Question Generation Shared Task and Evaluation Challenge}
}

@article{babi,
  author  = {Jason Weston and Antoine Bordes and Sumit Chopra and Tomas Mikolov and Alexander M. Rush and Bart van Merrienboer}, 
  title   = {Towards AI-complete question answering: A set of prerequisite toy tasks},
  year    = 2015,
  journal = {arXiv:1502.05698}
 }

















